@article{0036-0279-53-1-M17,
  author={Vladimir I Arnol'd},
  title={On teaching mathematics},
  journal={Russian Mathematical Surveys},
  volume={53},
  number={1},
  pages={229},
  year={1998},
}

@article{__2015,
	title = {机构学与旋量理论的历史渊源以及有限位移旋量的发展},
	issn = {0577-6686},
	language = {中文;},
	number = {13},
	journal = {机械工程学报},
	author = {戴, 建生},
	month = jul,
	year = {2015},
	keywords = {机构学, 机器人学, 几何学, 理论运动学, 李群李代数, 旋量理论, 有限位移旋量, finite displacement screws, geometry, Lie groups and Lie algebras, mechanisms, Robotics, screw theory, theoretical kinematics},
	pages = {13--26}
}

@book{__2014,
	title = {机构学与机器人学的几何基础与旋量代数},
	isbn = {978-7-04-033483-8},
	publisher = {高等教育出版社},
	author = {戴, 建生},
	month = jul,
	year = {2014},
	keywords = {机构学, 机器人学, 结构学与机器人, 李群, 强力推荐的一本好书, 数学, 挺好的一本书, 旋量}
}

@book{__2014-1,
	series = {现代数学基础},
	title = {旋量代数与李群、李代数},
	isbn = {978-7-04-031845-6},
	publisher = {高等教育出版社},
	author = {戴, 建生},
	month = apr,
	year = {2014},
	keywords = {2015, 好书, 科普, 李代数, 李群, 李群5, 数学, 旋量代数}
}

@book{desplanques_mecanique_2011,
	title = {Mécanique des {Mécanismes}},
	publisher = {Ecole Centrale de Lille},
	author = {Desplanques, Yannick},
	month = sep,
	year = {2011}
}


@book{temam_mathematical_2005,
	address = {Cambridge},
	title = {Mathematical {Modeling} in {Continuum} {Mechanics}},
	isbn = {978-0-521-61723-9},
	language = {English},
	publisher = {Cambridge University Press},
	author = {Temam, Roger and Miranville, Alain},
	year = {2005},
	keywords = {Mechanics--Mathematical models, SCIENCE / Mechanics / General, SCIENCE / Mechanics / Solids},
}

@incollection{realandvirtualpower,
  author = {Temam, Roger and Miranville, Alain},
  title       = "Real and virtual powers",
  booktitle   = {Mathematical {Modeling} in {Continuum} {Mechanics}},
  publisher = {Cambridge University Press},
  year        = 2005,
  pages       = "57-69",
  chapter     = 4,
}